<record><leader>00000cas a22000007a 4500</leader><controlfield tag="001">14879801</controlfield><controlfield tag="008">861126d19861991couwr ne      0   a0eng d</controlfield><datafield ind1=" " ind2=" " tag="010"><subfield code="a">sn 86002682 </subfield></datafield><datafield ind1=" " ind2=" " tag="040"><subfield code="a">NSD</subfield><subfield code="b">eng</subfield><subfield code="c">NSD</subfield><subfield code="d">CNQ</subfield><subfield code="d">NSD</subfield><subfield code="d">OCLCQ</subfield></datafield><datafield ind1=" " ind2=" " tag="012"><subfield code="j">1</subfield><subfield code="m">d</subfield></datafield><datafield ind1="1" ind2=" " tag="022"><subfield code="a">0891-5156</subfield><subfield code="l">0891-5156</subfield><subfield code="2">1</subfield></datafield><datafield ind1=" " ind2=" " tag="037"><subfield code="b">Sentinel Publishing Co., 2399 W. Main St., Littleton, CO 80120</subfield></datafield><datafield ind1=" " ind2=" " tag="042"><subfield code="a">nsdp</subfield></datafield><datafield ind1=" " ind2="4" tag="222"><subfield code="a">The Littleton sentinel independent</subfield></datafield><datafield ind1="0" ind2="4" tag="245"><subfield code="a">The Littleton sentinel independent.</subfield></datafield><datafield ind1="3" ind2="0" tag="246"><subfield code="a">Sentinel independent</subfield></datafield><datafield ind1=" " ind2=" " tag="260"><subfield code="a">Littleton, Colo. :</subfield><subfield code="b">Sentinel Pub. Co.</subfield></datafield><datafield ind1=" " ind2=" " tag="300"><subfield code="a">v.</subfield></datafield><datafield ind1=" " ind2=" " tag="310"><subfield code="a">Weekly,</subfield><subfield code="b">Mar. 23, 1989-</subfield></datafield><datafield ind1=" " ind2=" " tag="321"><subfield code="a">Semiweekly,</subfield><subfield code="b">Oct. 29, 1986-Mar. 17, 1989</subfield></datafield><datafield ind1="0" ind2=" " tag="362"><subfield code="a">99th year, 43rd issue (Oct. 29, 1986)-104th year, 1st issue (Aug. 1, 1991).</subfield></datafield><datafield ind1=" " ind2=" " tag="530"><subfield code="a">Available on microfilm from the Colorado Historical Society.</subfield></datafield><datafield ind1=" " ind2=" " tag="580"><subfield code="a">Formed by the union of: Independent (Littleton, Colo.), and: Littleton sentinel, and: South suburban sentinel.</subfield></datafield><datafield ind1=" " ind2=" " tag="588"><subfield code="a">Latest issue consulted: 101st year, 66th issue (Mar. 23, 1989).</subfield></datafield><datafield ind1=" " ind2=" " tag="752"><subfield code="a">United States</subfield><subfield code="b">Colorado</subfield><subfield code="c">Arapahoe</subfield><subfield code="d">Littleton.</subfield></datafield><datafield ind1="1" ind2="4" tag="780"><subfield code="t">Independent (Littleton, Colo.)</subfield><subfield code="w">(DLC)sn 82008410</subfield></datafield><datafield ind1="1" ind2="4" tag="780"><subfield code="t">Littleton sentinel</subfield></datafield><datafield ind1="1" ind2="4" tag="780"><subfield code="t">South suburban sentinel</subfield></datafield><datafield ind1="0" ind2="0" tag="785"><subfield code="t">Littleton independent (Littleton, Colo. : 1991)</subfield><subfield code="x">1058-7837</subfield><subfield code="w">(DLC)sn9100052624</subfield></datafield></record>